@MISC{UNECE,
	HOWPUBLISHED = "\url{https://unece.org}",
	AUTHOR = "United Nations Economic Commission for Europe",
	TITLE = "Homepage",
	YEAR = "2021",
	URLDATE = {2021-05-01}
}



@MISC{IFR,
	HOWPUBLISHED = "\url{https://unece.org}",
	AUTHOR = "International Federation of Robotics (2021)",
	TITLE = "Homepage",
	YEAR = "2021",
	URLDATE = {2021-05-01}
}

@MISC{Summary,
	HOWPUBLISHED = "\url{https://ifr.org/img/worldrobotics/Executive_Summary_WR_2020_Service_Robots.pdf }",
	AUTHOR = "International Federation of Robotics",
	TITLE = "Executive Summary World Robotics 2020 Service Robots",
	YEAR = "2020",
	URLDATE = {2021-05-01}
}

@MISC{ISO,
	HOWPUBLISHED = "\url{https://ifr.org/img/worldrobotics/Executive_Summary_WR_2020_Service_Robots.pdf }",
	AUTHOR = " International Organization for Standardization",
	TITLE = "ISO 8373: 2012 Robots and robotic devices – Vocabulary",
	YEAR = "2020",
	URLDATE = {2021-05-01}
}

@MISC{Cleaning,
	HOWPUBLISHED = "\url{https://ifr.org/news/cleaning-robots-reduce-infections}",
	AUTHOR = "International Federation of Robotics",
	TITLE = "Cleaning robots reduce infections in hospitals and public spaces",
	YEAR = "2020",
	URLDATE = {2021-05-01}
}

@book{IES,
	title={IES Standards Committee April 15, 2020 as a Transaction of the Illuminating Engineering Society},
	author={IES Committee Report: Germicidal Ultraviolet (GUV) },
	isbn={978-0-87995-389-8},
	url={https://media.ies.org/docs/standards/IES-CR-2-20-V1-6d.pdf},
	year={2020},
}

@MISC{IUA,
	HOWPUBLISHED = "\url{https://ifr.org/news/cleaning-robots-reduce-infections}",
	AUTHOR = "International Ultraviolet Association Inc ",
	TITLE = "UV Disinfection for COVID-19",
	YEAR = "2020",
	URLDATE = {2021-05-01}
}


@MISC{MYTH,
	HOWPUBLISHED = "\url{https://www.who.int/emergencies/diseases/novel-coronavirus-2019/advice-for-public/myth-busters }",
	AUTHOR = "World Health Organization",
	TITLE = "COVID-19 Mythbusters",
	YEAR = "2021",
	URLDATE = {2021-05-01}
}



@MISC{EDUCIAA,
	HOWPUBLISHED = "\url{http://www.proyecto-ciaa.com.ar/}",
	AUTHOR = "Proyecto CIAA",
	TITLE = "Computadora Industrial Abierta Argentina",
	YEAR = "2014",
	URLDATE = {2021-05-01}
}

@MISC{Driver,
	HOWPUBLISHED = "\url{http://robots-argentina.com.ar/didactica/uso-de-la-placa-l298n-para-motores-de-cc/}",
	AUTHOR = "Robots Didácticos",
	TITLE = "Uso de la placa L298N para motores de CC ",
	YEAR = "2021",
	URLDATE = {2021-05-01}
}


@MISC{L298,
	HOWPUBLISHED = "\url{https://www.st.com/en/motor-drivers/l298.html}",
	AUTHOR = "STMicroelectronics",
	TITLE = "L298 Dual full-bridge driver datasheet ",
	YEAR = "2021",
	URLDATE = {2021-05-01}
}

@MISC{IR,
	HOWPUBLISHED = "\url{https://www.web-robotica.com/arduino/conceptos-basicos-arduino/como-usar-el-modulo-sensor-de-infrarrojos-ir-fc-51-para-evitar-obstaculos-con-robot-arduinogenuino}",
	AUTHOR = "Web-Robótica.com",
	TITLE = "Como usar el módulo sensor de Infrarrojos IR FC-51 para evitar obstáculos con Robot Arduino/Genuino",
	YEAR = "2015",
	URLDATE = {2021-05-01}
}

@MISC{18650,
	HOWPUBLISHED = "\url{https://www.pilasrecargables.info/baterias-18650/}",
	AUTHOR = "Pilas Recargables",
	TITLE = "Baterias recargables 18650",
	YEAR = "2021",
	URLDATE = {2021-05-01}
}

@MISC{HC05,
	HOWPUBLISHED = "\url{https://maker.pro/custom/tutorial/hc-05-bluetooth-transceiver-module-datasheet-highlights}",
	AUTHOR = "Mundo PMMI",
	TITLE = "HC-05 Datasheet Bluetooth Transceiver Module",
	YEAR = "2021",
	URLDATE = {2021-05-09}
}

@MISC{masrobots,
	HOWPUBLISHED = "\url{https://www.mundopmmi.com/automatizacion/article/21174349/ms-robots-para-desinfeccin-llegan-al-mercado}",
	AUTHOR = "Mundo PMMI",
	TITLE = "Más robots para desinfección llegan al mercado",
	YEAR = "2019",
	URLDATE = {2021-05-09}
}

@MISC{Infowine,
	HOWPUBLISHED = "\url{https://www.mundopmmi.com/automatizacion/article/21174349/ms-robots-para-desinfeccin-llegan-al-mercado}",
	AUTHOR = "Infowine",
	TITLE = "Robots equipados con luz UV para el tratamiento del oidio",
	YEAR = "2020",
	URLDATE = {2021-05-09}
}

@MISC{UVR,
	HOWPUBLISHED = "\url{https://www.mundopmmi.com/automatizacion/article/21174349/ms-robots-para-desinfeccin-llegan-al-mercado}",
	AUTHOR = "Agencia NOVA",
	TITLE = "El invento argentino que elimina los virus con luz ultravioleta",
	YEAR = "2021",
	URLDATE = {2021-05-09}
}


@MISC{CSIC,
	HOWPUBLISHED = "\url{http://hdl.handle.net/10261/216311}",
	AUTHOR = "Consejo Superior de Investigaciones Científicas (España)",
	TITLE = "Informe sobre utilización de la radiación ultravioleta (UVC) para desinfección",
	YEAR = "2020",
	URLDATE = {2021-05-09}
}

@MISC{interior,
	HOWPUBLISHED = "\url{http://www.monsolar.net/desinfeccion-del-coronavirus-en-ambientes-interiores-luz-ultravioleta-con-efecto-germicida-uvg/}",
	AUTHOR = "Monsolar.net",
	TITLE = "Desinfección del Coronavirus en ambientes interiores. Luz Ultravioleta",
	YEAR = "2021",
	URLDATE = {2021-05-09}
}

@MISC{KiCad,
	HOWPUBLISHED = "\url{https://www.kicad.org/about/kicad/}",
	AUTHOR = KiCad",
	TITLE = "About KiCad",
	YEAR = "2021",
	URLDATE = {2021-05-09}
}


%______________
@MISC{prueba,
	HOWPUBLISHED = "\url{https://www.kicad.org/about/kicad/}",
	AUTHOR = KiCad",
	TITLE = "About KiCad",
	YEAR = "2021",
	URLDATE = {2021-05-09}
}


%@MISC{BC,
%	HOWPUBLISHED = "\url{https://www.bidcom.com.ar/comparar-aspiradoras}",
%	AUTHOR = "Bidcom",
%	TITLE = "Comparativo Aspiradoras Robot",
%	YEAR = "2021",
%	URLDATE = {2021-05-09}
%}


%@ARTICLE{ARTICLE:1,
%    AUTHOR="juancitoe",
%    TITLE="prueba",
%    JOURNAL="Journal",
%    YEAR="2017",
%}
%
%
%@BOOK{BOOK:1,
%    AUTHOR="juancitoe",
%    TITLE="The Book without Title",
%    PUBLISHER="Dummy Publisher",
%    YEAR="2100",
%}
%
%@INBOOK{BOOK:2,
%    AUTHOR="John Doe",
%    TITLE="The Book without Title",
%    PUBLISHER="Dummy Publisher",
%    YEAR="2100",
%    PAGES="100-200",
%}
%
%
%
%@MANUAL{dallas:ds18b20,
%    organization  = "Dallas Semiconductor",
%    title         = "DS18B20 Programmable Resolution 1-Wire Digital Thermometer",
%    number        = "050400",
%    year          =  2015,
%    note          = "Rev. 3"
%}
%
%@book{teton2003,
%	title={Gu{\'\i}a t{\'e}cnica de la acuariofilia},
%	author={Teton, J.},
%	isbn={9788489840249},
%	series={Gu{\'\i}as t{\'e}cnicas},
%	url={https://books.google.com.ar/books?id=6vrjovWkQicC},
%	year={2003},
%	publisher={Tursen S.A. - H. Blume}
%}
%




%@book{IEEE:citation,
%	author={IEEE},
%	title={IEEE Citation Reference},
%	edition={1},
%	url={http://www.ieee.org/documents/ieeecitationref.pdf},
%	urldate={2016-9-26},
%	publisher={IEEE Publications},
%	year={2016}
%}
%
%@misc{CIAA,
%	author = {{Proyecto CIAA}},
%	title = {Computadora Industrial Abierta Argentina},
%	url = {http://proyecto-ciaa.com.ar/devwiki/doku.php?id=start},
%	note = {Visitado el 2016-06-25},
%	year = {2014}
%}
%
%@MISC{lpcopen,
%   author =	{{NXP Semiconductors}},
%   title =	{LPCOPEN v2.16 Drivers, Middleware and Examples},
%   url =	{http://www.nxp.com/products/microcontrollers-and-processors/arm-processors/lpc-cortex-m-mcus/software-tools/lpcopen-libraries-and-examples:LPC-OPEN-LIBRARIES},
%   note =	{Disponible: 2016-06-25},
% }
% 
%@MISC{contrib,
%	author =	{{Savannah}},
%	title =	{lwIP - A Lightweight TCP/IP stack},
%	url =	{http://git.savannah.gnu.org/cgit/lwip/lwip-contrib.git},
%	note =	{Disponible: 2016-06-25},
% }
%
%@MISC{webserver,
%	author =	{{Savannah}},
%	title =	{lwIP - Wiki - Sample Web Server},
%	url =	{ http://lwip.wikia.com/wiki/Sample_Web_Server},
%	note =	{Disponible: 2016-06-25}
% } 
% 
%
%
%@MISC{sensor_pH,
%   author =	{dfRobot},
%   title =	{PH meter(SKU: SEN0161)},
%   url =	{http://www.dfrobot.com/wiki/index.php?title=PH_meter(SKU:_SEN0161)},
%   note =	{Disponible: 2016-06-25},
%}
%
%@misc{rfc2616,
%	series =	{Request for Comments},
%	number=		2616,
%	howpublished=	{RFC 2616},
%	publisher =	{RFC Editor},
%	doi =		{10.17487/rfc2616},
%	url =		{https://rfc-editor.org/rfc/rfc2616.txt},
%	author=		{Jeffrey Mogul and Larry M Masinter and Roy T. Fielding and Jim Gettys and Paul J. Leach and Tim Berners-Lee},
%	title=		{{Hypertext Transfer Protocol -- HTTP/1.1}},
%	pagetotal =	176,
%	year =		2013,
%	month =		3,
%	day =		2,
%	abstract =	{HTTP has been in use by the World-Wide Web global information initiative since 1990. This specification defines the protocol referred to as &quot;HTTP/1.1&quot;, and is an update to RFC 2068. [STANDARDS-TRACK]},
%}
%
%@misc{rfc3875,
%	series =	{Request for Comments},
%	number=		3875,
%	howpublished=	{RFC 3875},
%	publisher =	{RFC Editor},
%	doi =		{10.17487/rfc3875},
%	url =		{https://rfc-editor.org/rfc/rfc3875.txt},
%	author=		{David Robinson},
%	title=		{{The Common Gateway Interface (CGI) Version 1.1}},
%	pagetotal =	36,
%	year =		2013,
%	month =		mar,
%	day =		20,
%	abstract =	{The Common Gateway Interface (CGI) is a simple interface for running external programs, software or gateways under an information server in a platform-independent manner. Currently, the supported information servers are HTTP servers.},
%}
%
%@misc{rfc7540,
%	series =	{Request for Comments},
%	number=		7540,
%	howpublished=	{RFC 7540},
%	publisher =	{RFC Editor},
%	doi =		{10.17487/rfc7540},
%	url =		{https://rfc-editor.org/rfc/rfc7540.txt},
%	author=		{Mike Belshe and Roberto Peon and Martin Thomson},
%	title=		{{Hypertext Transfer Protocol Version 2 (HTTP/2)}},
%	pagetotal =	96,
%	year =		2015,
%	month =		nov,
%	day =		18,
%	abstract =	{This specification describes an optimized expression of the semantics of the Hypertext Transfer Protocol (HTTP), referred to as HTTP version 2 (HTTP/2). HTTP/2 enables a more efficient use of network resources and a reduced perception of latency by introducing header field compression and allowing multiple concurrent exchanges on the same connection. It also introduces unsolicited push of representations from servers to clients.},
%}